<?xml version="1.0" encoding="UTF-8"?><collection xmlns="http://www.loc.gov/MARC21/slim"><record><leader>00474nam--2200157-i-4500</leader><controlfield tag="001">000036866</controlfield><controlfield tag="002">20161230</controlfield><controlfield tag="005">20170204194841</controlfield><controlfield tag="008">060222s1000------------r-----000-0-eng-d</controlfield><datafield ind1=" " ind2=" " tag="080"><subfield code="a">535(076):539(076)</subfield></datafield><datafield ind1=" " ind2=" " tag="100"><subfield code="a">Popescu, Ion M</subfield></datafield><datafield ind1=" " ind2=" " tag="245"><subfield code="a">Pkkrobleme de optica, fizica atomica si nucleara pentru examenele de bacalaureat si admitere in invatamintul superior</subfield></datafield><datafield ind1=" " ind2=" " tag="260"><subfield code="a">Bucuresti</subfield><subfield code="b">Ed.Tehnica</subfield><subfield code="c">1974</subfield></datafield><datafield ind1=" " ind2=" " tag="300"><subfield code="a">339 p</subfield></datafield><datafield ind1=" " ind2=" " tag="852"><subfield code="a">42297</subfield></datafield><datafield ind1=" " ind2=" " tag="CAT"><subfield code="a">SYS</subfield><subfield code="c">20170204</subfield><subfield code="h">194841</subfield></datafield></record></collection>